@article{randomSmoothing,
  title={Certified adversarial robustness via randomized smoothing},
  author={Cohen, Jeremy M and Rosenfeld, Elan and Kolter, J Zico},
  journal={arXiv preprint arXiv:1902.02918},
  year={2019}
}

@article{dpSmoothing,
  title={Certified robustness to adversarial examples with differential privacy},
  author={Lecuyer, Mathias and Atlidakis, Vaggelis and Geambasu, Roxana and Hsu, Daniel and Jana, Suman},
  journal={arXiv preprint arXiv:1802.03471},
  year={2018}
}

