@inproceedings{springScalable,
  title={Scalable and sustainable deep learning via randomized hashing},
  author={Spring, Ryan and Shrivastava, Anshumali},
  booktitle={Proceedings of the 23rd ACM SIGKDD International Conference on Knowledge Discovery and Data Mining},
  pages={445--454},
  year={2017}
}
@article{slide,
  title={SLIDE: In Defense of Smart Algorithms over Hardware Acceleration for Large-Scale Deep Learning Systems},
  author={Chen, Beidi and Medini, Tharun and Shrivastava, Anshumali},
  journal={arXiv preprint arXiv:1903.03129},
  year={2019}
}

@inproceedings{hackyQuasiMultiplies,
  title={Efficient deep convolutional neural networks accelerator without multiplication and retraining},
  author={Xu, Weihong and Zhang, Zaichen and You, Xiaohu and Zhang, Chuan},
  booktitle={2018 IEEE International Conference on Acoustics, Speech and Signal Processing (ICASSP)},
  pages={1100--1104},
  year={2018},
  organization={IEEE}
}

@inproceedings{distributedCoded,
  title={Polynomial codes: an optimal design for high-dimensional coded matrix multiplication},
  author={Yu, Qian and Maddah-Ali, Mohammad and Avestimehr, Salman},
  booktitle={Advances in Neural Information Processing Systems},
  pages={4403--4413},
  year={2017}
}
@inproceedings{shortDot,
  title={Short-dot: Computing large linear transforms distributedly using coded short dot products},
  author={Dutta, Sanghamitra and Cadambe, Viveck and Grover, Pulkit},
  booktitle={Advances In Neural Information Processing Systems},
  pages={2100--2108},
  year={2016}
}
@article{entangledPolynomial,
  title={Straggler mitigation in distributed matrix multiplication: Fundamental limits and optimal coding},
  author={Yu, Qian and Ali, Mohammad and Avestimehr, A Salman},
  journal={IEEE Transactions on Information Theory},
  year={2020},
  publisher={IEEE}
}
@article{matmulCommunicationBounds,
  title={Communication lower bounds for distributed-memory matrix multiplication},
  author={Irony, Dror and Toledo, Sivan and Tiskin, Alexander},
  journal={Journal of Parallel and Distributed Computing},
  volume={64},
  number={9},
  pages={1017--1026},
  year={2004},
  publisher={Elsevier}
}

@inproceedings{protonn,
  title={Protonn: Compressed and accurate knn for resource-scarce devices},
  author={Gupta, Chirag and Suggala, Arun Sai and Goyal, Ankit and Simhadri, Harsha Vardhan and Paranjape, Bhargavi and Kumar, Ashish and Goyal, Saurabh and Udupa, Raghavendra and Varma, Manik and Jain, Prateek},
  booktitle={Proceedings of the 34th International Conference on Machine Learning-Volume 70},
  pages={1331--1340},
  year={2017},
  organization={JMLR. org}
}
@inproceedings{bnc,
  title={Fast classification with binary prototypes},
  author={Zhong, Kai and Guo, Ruiqi and Kumar, Sanjiv and Yan, Bowei and Simcha, David and Dhillon, Inderjit},
  booktitle={Artificial Intelligence and Statistics},
  pages={1255--1263},
  year={2017}
}
@inproceedings{dsnc,
  title={Deep metric learning with data summarization},
  author={Wang, Wenlin and Chen, Changyou and Chen, Wenlin and Rai, Piyush and Carin, Lawrence},
  booktitle={Joint European Conference on Machine Learning and Knowledge Discovery in Databases},
  pages={777--794},
  year={2016},
  organization={Springer}
}
@inproceedings{snc,
  title={Stochastic neighbor compression},
  author={Kusner, Matt and Tyree, Stephen and Weinberger, Kilian and Agrawal, Kunal},
  booktitle={International Conference on Machine Learning},
  pages={622--630},
  year={2014}
}

@article{mlAtEdgeSurvey,
  title={Machine learning at the network edge: A survey},
  author={Murshed, MG and Murphy, Christopher and Hou, Daqing and Khan, Nazar and Ananthanarayanan, Ganesh and Hussain, Faraz},
  journal={arXiv preprint arXiv:1908.00080},
  year={2019}
}
