@article{vgg,
  title={Very deep convolutional networks for large-scale image recognition},
  author={Simonyan, Karen and Zisserman, Andrew},
  journal={arXiv preprint arXiv:1409.1556},
  year={2014}
}

@inproceedings{alexnet,
  title={Imagenet classification with deep convolutional neural networks},
  author={Krizhevsky, Alex and Sutskever, Ilya and Hinton, Geoffrey E},
  booktitle={Advances in neural information processing systems},
  pages={1097--1105},
  year={2012}
}

@inproceedings{resnet,
  title={Deep residual learning for image recognition},
  author={He, Kaiming and Zhang, Xiangyu and Ren, Shaoqing and Sun, Jian},
  booktitle={Proceedings of the IEEE conference on computer vision and pattern recognition},
  pages={770--778},
  year={2016}
}

@inproceedings{resnet2,
  title={Identity mappings in deep residual networks},
  author={He, Kaiming and Zhang, Xiangyu and Ren, Shaoqing and Sun, Jian},
  booktitle={European conference on computer vision},
  pages={630--645},
  year={2016},
  organization={Springer}
}
@article{wrn,
  title={Wide residual networks},
  author={Zagoruyko, Sergey and Komodakis, Nikos},
  journal={arXiv preprint arXiv:1605.07146},
  year={2016}
}
@inproceedings{googlenet,
  title={Going deeper with convolutions},
  author={Szegedy, Christian and Liu, Wei and Jia, Yangqing and Sermanet, Pierre and Reed, Scott and Anguelov, Dragomir and Erhan, Dumitru and Vanhoucke, Vincent and Rabinovich, Andrew},
  booktitle={Proceedings of the IEEE conference on computer vision and pattern recognition},
  pages={1--9},
  year={2015}
}
@inproceedings{densenet,
  title={Densely connected convolutional networks},
  author={Huang, Gao and Liu, Zhuang and Van Der Maaten, Laurens and Weinberger, Kilian Q},
  booktitle={Proceedings of the IEEE conference on computer vision and pattern recognition},
  pages={4700--4708},
  year={2017}
}
@inproceedings{squeezeExcite,
  title={Squeeze-and-excitation networks},
  author={Hu, Jie and Shen, Li and Sun, Gang},
  booktitle={Proceedings of the IEEE conference on computer vision and pattern recognition},
  pages={7132--7141},
  year={2018}
}
@inproceedings{xception,
  title={Xception: Deep learning with depthwise separable convolutions},
  author={Chollet, Francois},
  booktitle={Proceedings of the IEEE conference on computer vision and pattern recognition},
  pages={1251--1258},
  year={2017}
}
@article{maybeFirstDwSepConvNets,
  title={Rigid-motion scattering for image classification},
  author={Sifre, Laurent and Mallat, St{\'e}phane},
  journal={Ph. D. dissertation},
  year={2014},
  publisher={Citeseer}
}
@inproceedings{nasnet,
  title={Learning transferable architectures for scalable image recognition},
  author={Zoph, Barret and Vasudevan, Vijay and Shlens, Jonathon and Le, Quoc V},
  booktitle={Proceedings of the IEEE conference on computer vision and pattern recognition},
  pages={8697--8710},
  year={2018}
}
@article{gpipe,
  title={Gpipe: Efficient training of giant neural networks using pipeline parallelism},
  author={Huang, Yanping and Cheng, Yonglong and Chen, Dehao and Lee, HyoukJoong and Ngiam, Jiquan and Le, Quoc V and Chen, Zhifeng},
  journal={arXiv preprint arXiv:1811.06965},
  year={2018}
}
@article{efficientnet,
  title={EfficientNet: Rethinking Model Scaling for Convolutional Neural Networks},
  author={Tan, Mingxing and Le, Quoc V},
  journal={arXiv preprint arXiv:1905.11946},
  year={2019}
}
@misc{vggCifarTorch,
  title={92.45\% on CIFAR-10 in Torch},
  author={Zagoruyko, Sergey},
  howpublished={\url{https://torch.ch/blog/2015/07/30/cifar.html}},
  note={Accessed: 2019-07-22},
  year={2015},
  month={7}
}
@misc{caffenet,
  title={What's the advantage of the reference CaffeNet in comparison with the AlexNet?},
  author={},
  howpublished={\url{https://github.com/BVLC/caffe/issues/4202}},
  note={Accessed: 2019-07-22},
  year={2016},
  month={5}
}

% author={Karayev, Sergey and Shelhamer, Evan and Donahue, Jeff},
@misc{lenet-5-caffe,
  title={Training LeNet on MNIST with Caffe},
  author={Jia, Yangqing and Shelhamer, Evan and Donahue, Jeff and Karayev, Sergey and Long, Jonathan and Girshick, Ross and Guadarrama, Sergio and Darrell, Trevor},
  howpublished={\url{https://caffe.berkeleyvision.org/gathered/examples/mnist.html}},
  note={Accessed: 2019-07-22},
  year={2016},
  month={5}
}
@misc{lenet-5-proto1,
  title={lenet},
  author={Jia, Yangqing and Shelhamer, Evan and Donahue, Jeff and Karayev, Sergey and Long, Jonathan and Girshick, Ross and Guadarrama, Sergio and Darrell, Trevor},
  howpublished={\url{https://github.com/BVLC/caffe/blob/master/examples/mnist/lenet.prototxt}},
  year={2015},
  month={2},
}
@misc{lenet-5-proto2,
  title={lenet-train-test},
  author={Jia, Yangqing and Shelhamer, Evan and Donahue, Jeff and Karayev, Sergey and Long, Jonathan and Girshick, Ross and Guadarrama, Sergio and Darrell, Trevor},
  howpublished={\url{https://github.com/BVLC/caffe/blob/master/examples/mnist/lenet_train_test.prototxt}},
  year={2015},
  month={2},
}

@article{lenet,
  title={Gradient-based learning applied to document recognition},
  author={LeCun, Yann and Bottou, L{\'e}on and Bengio, Yoshua and Haffner, Patrick and others},
  journal={Proceedings of the IEEE},
  volume={86},
  number={11},
  pages={2278--2324},
  year={1998},
  publisher={Taipei, Taiwan}
}
