@article{snappy,
  title={Snappy: A fast compressor/decompressor},
  author={Gunderson, SH},
  journal={code. google. com/p/snappy},
  year={2015}
}
.
@article{bengioKmeansMips,
archivePrefix = {arXiv},
arxivId = {1507.05910},
author = {Auvolat, Alex and Chandar, Sarath and Vincent, Pascal and Larochelle, Hugo and Bengio, Yoshua},
doi = {10.475/123},
eprint = {1507.05910},
isbn = {9781450335423},
issn = {0146-4833},
journal = {ICLR},
pages = {10},
title = {{Clustering is Efficient for Approximate Maximum Inner Product Search}},
url = {http://arxiv.org/abs/1507.05910},
year = {2016}
}

@article{bolt_otq,
author = {Babenko, Artem and Lempitsky, Victor},
isbn = {9781467369640},
journal = {CVPR},
pages = {1--9},
title = {{Tree Quantization for Large-Scale Similarity Search and Classification}},
url = {papers3://publication/uuid/F4762974-BB97-4208-B035-508945A90EFC},
year = {2015}
}

@article{bolt_wtaDnn,
archivePrefix = {arXiv},
arxivId = {1504.07488},
author = {Bakhtiary, Amir H. and Lapedriza, Agata and Masip, David},
doi = {10.3233/978-1-61499-578-4-173},
eprint = {1504.07488},
isbn = {9781614995777},
issn = {09226389},
journal = {Frontiers in Artificial Intelligence and Applications},
keywords = {Deep Convolutional Net,Large Neural Layer,Winner Takes All Hashing},
pages = {173--182},
title = {{Speeding Up Neural Networks for Large Scale Classification using WTA Hashing}},
volume = {277},
year = {2015}
}

@article{jegouBeyondSrp,
author = {Balu, Raghavendran and Furon, Teddy and J{\'{e}}gou, Herv{\'{e}}},
isbn = {9781479928934},
journal = {IEEE International Conference on Acoustic , Speech and Signal Processing (ICASSP)},
number = {3},
pages = {6934--6938},
title = {{Beyond "Project and Sign" For Cosine Estimation with Binary Codes}},
year = {2014}
}

@article{bengioHierarchicalMemNets,
archivePrefix = {arXiv},
arxivId = {1605.07427},
author = {Chandar, Sarath and Ahn, Sungjin and Larochelle, Hugo and Vincent, Pascal and Tesauro, Gerald and Bengio, Yoshua},
eprint = {1605.07427},
journal = {Arxiv},
pages = {1--10},
title = {{Hierarchical Memory Networks}},
url = {http://arxiv.org/abs/1605.07427},
year = {2016}
}

@inproceedings{learningWeightsConnections,
  title={Learning both weights and connections for efficient neural network},
  author={Han, Song and Pool, Jeff and Tran, John and Dally, William},
  booktitle={Advances in Neural Information Processing Systems},
  pages={1135--1143},
  year={2015}
}

@article{antisparseCoding,
author = {J{\'{e}}gou, Herv{\'{e}} and Furon, Teddy and Fuchs, Jean-Jacques},
isbn = {9781467300469},
journal = {ICASSP - 37th International Conference on Acoustics, Speech, and Signal Processing},
pages = {2029--2032},
title = {{Anti-sparse coding for approximate nearest neighbor search}},
year = {2012}
}

@article{grvq,
archivePrefix = {arXiv},
arxivId = {1609.05345},
author = {Liu, Shicong and Shao, Junru and Lu, Hongtao},
doi = {10.1109/ICME.2016.7552944},
eprint = {1609.05345},
isbn = {9781467372589},
issn = {1945788X},
journal = {Proceedings - IEEE International Conference on Multimedia and Expo},
keywords = {Large Scale Data,Nearest Neighbor Search,Similarity Search,Vector Quantization},
title = {{Generalized Residual Vector Quantization for Large Scale Data}},
volume = {2016-Augus},
year = {2016}
}

@article{bolt_acdc,
archivePrefix = {arXiv},
arxivId = {1511.05946},
author = {Moczulski, Marcin and Denil, Misha and Appleyard, Jeremy and de Freitas, Nando},
eprint = {1511.05946},
isbn = {5996014123031},
journal = {ICLR},
number = {2},
pages = {1--11},
title = {{ACDC: A Structured Efficient Linear Layer}},
url = {http://arxiv.org/abs/1511.05946},
year = {2016}
}

@article{bolt_shrivastavaDnnHashing,
archivePrefix = {arXiv},
arxivId = {1602.08194},
author = {Spring, Ryan and Shrivastava, Anshumali},
eprint = {1602.08194},
journal = {arXiv:1602.08194},
pages = {9},
title = {{Scalable and Sustainable Deep Learning via Randomized Hashing}},
url = {http://arxiv.org/abs/1602.08194},
year = {2016}
}

@article{compressiveMining,
archivePrefix = {arXiv},
arxivId = {1405.5873},
author = {Vlachos, Michail and Freris, Nikolaos M. and Kyrillidis, Anastasios},
doi = {10.1007/s00778-014-0360-3},
eprint = {1405.5873},
issn = {0949877X},
journal = {VLDB Journal},
keywords = {Compressive sensing,Convex optimization,Data compression,Fourier,Waterfilling algorithm,Wavelets},
number = {1},
pages = {1--24},
title = {{Compressive mining: Fast and optimal data mining in the compressed domain}},
volume = {24},
year = {2015}
}

@article{gpuNNcvpr,
author = {Wieschollek, Patrick and Wang, Oliver and Sorkine-Hornung, Alexander and Lensch, Hendrik P. A.},
doi = {10.1109/CVPR.2016.223},
isbn = {9781467388511},
issn = {10636919},
journal = {CVPR},
pages = {2027--2035},
title = {{Efficient Large-Scale Approximate Nearest Neighbor Search on the GPU}},
year = {2016}
}

@article{bolt_adaptiveFastfood,
archivePrefix = {arXiv},
arxivId = {1412.7149},
author = {Yang, Zichao and Moczulski, Marcin and Denil, Misha and de Freitas, Nando and Smola, Alex and Song, Le and Wang, Ziyu},
doi = {10.1007/s13398-014-0173-7.2},
eprint = {1412.7149},
isbn = {9780874216561},
issn = {0717-6163},
journal = {ICCV},
pmid = {15003161},
title = {{Deep Fried Convnets}},
url = {http://arxiv.org/abs/1412.7149},
year = {2014}
}

@article{circulantBinaryEmbedding,
archivePrefix = {arXiv},
arxivId = {arXiv:1405.3162v1},
author = {Yu, Felix X and Kumar, Sanjiv and Gong, Yunchao and Chang, Shih-Fu},
eprint = {arXiv:1405.3162v1},
isbn = {9781634393973},
issn = {9781634393973},
journal = {ICML},
number = {x},
pages = {9},
title = {{Circulant Binary Embedding}},
volume = {32},
year = {2014}
}

@article{bolt_cq,
abstract = {Proceedings of the International Conference on Machine Learning 2014},
author = {Zhang, Ting and Du, Chao and Wang, Jingdong},
journal = {Proceedings of the 31st International Conference on Machine Learning (ICML-14)},
keywords = {Composite quantization,compact code,hashing,nea},
pages = {838--846},
title = {{Composite Quantization for Approximate Nearest Neighbor Search}},
volume = {32},
year = {2014}
}


@inproceedings{IMI,
  title={The inverted multi-index},
  author={Babenko, Artem and Lempitsky, Victor},
  booktitle={Computer Vision and Pattern Recognition (CVPR), 2012 IEEE Conference on},
  pages={3069--3076},
  year={2012},
  organization={IEEE}
}

@inproceedings{isohash,
  title={Isotropic hashing},
  author={Kong, Weihao and Li, Wu-Jun},
  booktitle={Advances in Neural Information Processing Systems},
  pages={1646--1654},
  year={2012}
}

@article{itq,
  title={Iterative quantization: A procrustean approach to learning binary codes for large-scale image retrieval},
  author={Gong, Yunchao and Lazebnik, Svetlana and Gordo, Albert and Perronnin, Florent},
  journal={IEEE Transactions on Pattern Analysis and Machine Intelligence},
  volume={35},
  number={12},
  pages={2916--2929},
  year={2013},
  publisher={IEEE}
}

@article{learningToHashSurvey,
  title={Learning to hash for indexing big dataâ€”a survey},
  author={Wang, Jun and Liu, Wei and Kumar, Sanjiv and Chang, Shih-Fu},
  journal={Proceedings of the IEEE},
  volume={104},
  number={1},
  pages={34--57},
  year={2016},
  publisher={IEEE}
}

@article{lossAwareDnnBinarization,
  title={Loss-aware Binarization of Deep Networks},
  author={Hou, Lu and Yao, Quanming and Kwok, James T},
  journal={arXiv preprint arXiv:1611.01600},
  year={2016}
}

@inproceedings{McqGpu,
  title={Solving Multi-codebook Quantization in the GPU},
  author={Martinez, Julieta and Hoos, Holger H and Little, James J},
  booktitle={European Conference on Computer Vision},
  pages={638--650},
  year={2016},
  organization={Springer}
}

@inproceedings{bolt_lsq,
  title={Revisiting additive quantization},
  author={Martinez, Julieta and Clement, Joris and Hoos, Holger H and Little, James J},
  booktitle={European Conference on Computer Vision},
  pages={137--153},
  year={2016},
  organization={Springer}
}

@inproceedings{minimalLossHashing,
  title={Minimal loss hashing for compact binary codes},
  author={Norouzi, Mohammad and Fleet, David J.},
  booktitle={Proceedings of the 28th international conference on machine learning (ICML-11)},
  pages={353--360},
  year={2011}
}

@inproceedings{cartesianKmeans,
  title={Cartesian k-means},
  author={Norouzi, Mohammad and Fleet, David J},
  booktitle={Proceedings of the IEEE Conference on Computer Vision and Pattern Recognition},
  pages={3017--3024},
  year={2013}
}

@inproceedings{crosspolytopeLSH,
  title={Practical and optimal LSH for angular distance},
  author={Andoni, Alexandr and Indyk, Piotr and Laarhoven, Thijs and Razenshteyn, Ilya and Schmidt, Ludwig},
  booktitle={Advances in Neural Information Processing Systems},
  pages={1225--1233},
  year={2015}
}

@inproceedings{McqLutOptimization,
  title={Optimized distances for binary code ranking},
  author={Wang, Jianfeng and Shen, Heng Tao and Yan, Shuicheng and Yu, Nenghai and Li, Shipeng and Wang, Jingdong},
  booktitle={Proceedings of the 22nd ACM international conference on Multimedia},
  pages={517--526},
  year={2014},
  organization={ACM}
}

@article{bolt_opq,
  title={Optimized product quantization},
  author={Ge, Tiezheng and He, Kaiming and Ke, Qifa and Sun, Jian},
  journal={IEEE transactions on pattern analysis and machine intelligence},
  volume={36},
  number={4},
  pages={744--755},
  year={2014},
  publisher={IEEE}
}

@incollection{orthogonalRandomFeatures,
  title = {Orthogonal Random Features},
  author = {Yu, Felix X and Suresh, Ananda Theertha and Choromanski, Krzysztof M and Holtmann-Rice, Daniel N and Kumar, Sanjiv},
  booktitle = {Advances in Neural Information Processing Systems 29},
  editor = {D. D. Lee and M. Sugiyama and U. V. Luxburg and I. Guyon and R. Garnett},
  pages = {1975--1983},
  year = {2016},
  publisher = {Curran Associates, Inc.},
  url = {http://papers.nips.cc/paper/6246-orthogonal-random-features.pdf}
}

@inproceedings{polysemous,
  title={Polysemous codes},
  author={Douze, Matthijs and J{\'e}gou, Herv{\'e} and Perronnin, Florent},
  booktitle={European Conference on Computer Vision},
  pages={785--801},
  year={2016},
  organization={Springer}
}

@article{pq,
  title={Product quantization for nearest neighbor search},
  author={Jegou, Herve and Douze, Matthijs and Schmid, Cordelia},
  journal={IEEE transactions on pattern analysis and machine intelligence},
  volume={33},
  number={1},
  pages={117--128},
  year={2011},
  publisher={IEEE}
}

@inproceedings{jain2016approximate,
  title={Approximate search with quantized sparse representations},
  author={Jain, Himalaya and P{\'e}rez, Patrick and Gribonval, R{\'e}mi and Zepeda, Joaquin and J{\'e}gou, Herv{\'e}},
  booktitle={European Conference on Computer Vision},
  pages={681--696},
  year={2016},
  organization={Springer}
}

@article{hashingSimilaritySurvey,
  title={Hashing for similarity search: A survey},
  author={Wang, Jingdong and Shen, Heng Tao and Song, Jingkuan and Ji, Jianqiu},
  journal={arXiv preprint arXiv:1408.2927},
  year={2014}
}

@inproceedings{spectralHashing,
  title={Spectral hashing},
  author={Weiss, Yair and Torralba, Antonio and Fergus, Rob},
  booktitle={Advances in neural information processing systems},
  pages={1753--1760},
  year={2009}
}

@article{bolt_squeezeNet,
  title={SqueezeNet: AlexNet-level accuracy with 50x fewer parameters and< 0.5 MB model size},
  author={Iandola, Forrest N and Han, Song and Moskewicz, Matthew W and Ashraf, Khalid and Dally, William J and Keutzer, Kurt},
  journal={arXiv preprint arXiv:1602.07360},
  year={2016}
}

@article{bolt_stackedQuantizers,
  title={Stacked quantizers for compositional vector compression},
  author={Martinez, Julieta and Hoos, Holger H and Little, James J},
  journal={arXiv preprint arXiv:1411.2173},
  year={2014}
}

@article{bolt_structuredSpinners,
  title={Structured adaptive and random spinners for fast machine learning computations},
  author={Bojarski, Mariusz and Choromanska, Anna and Choromanski, Krzysztof and Fagan, Francois and Gouy-Pailler, Cedric and Morvan, Anne and Sakr, Nouri and Sarlos, Tamas and Atif, Jamal},
  journal={arXiv preprint arXiv:1610.06209},
  year={2016}
}

@article{surveyLearningToHash,
  title={A survey on learning to hash},
  author={Wang, Jingdong and Zhang, Ting and Song, Jingkuan and Sebe, Nicu and Shen, Heng Tao},
  journal={arXiv preprint arXiv:1606.00185},
  year={2016}
}

@article{simdpq,
  title={Cache locality is not enough: high-performance nearest neighbor search with product quantization fast scan},
  author={Andr{\'e}, Fabien and Kermarrec, Anne-Marie and Le Scouarnec, Nicolas},
  journal={Proceedings of the VLDB Endowment},
  volume={9},
  number={4},
  pages={288--299},
  year={2015},
  publisher={VLDB Endowment}
}

@inproceedings{xboxReductions,
  title={Speeding up the xbox recommender system using a euclidean transformation for inner-product spaces},
  author={Bachrach, Yoram and Finkelstein, Yehuda and Gilad-Bachrach, Ran and Katzir, Liran and Koenigstein, Noam and Nice, Nir and Paquet, Ulrich},
  booktitle={Proceedings of the 8th ACM Conference on Recommender systems},
  pages={257--264},
  year={2014},
  organization={ACM}
}
@inproceedings{NOIMI,
  title={Efficient indexing of billion-scale datasets of deep descriptors},
  author={Babenko, Artem and Lempitsky, Victor},
  booktitle={Proceedings of the IEEE Conference on Computer Vision and Pattern Recognition},
  pages={2055--2063},
  year={2016}
}

@inproceedings{aq,
  title={Additive quantization for extreme vector compression},
  author={Babenko, Artem and Lempitsky, Victor},
  booktitle={Proceedings of the IEEE Conference on Computer Vision and Pattern Recognition},
  pages={931--938},
  year={2014}
}

@article{jlIsTight,
  title={The Johnson-Lindenstrauss lemma is optimal for linear dimensionality reduction},
  author={Larsen, Kasper Green and Nelson, Jelani},
  journal={arXiv preprint arXiv:1411.2404},
  year={2014}
}
@inproceedings{bolt_hashnet,
  title={Compressing Neural Networks with the Hashing Trick.},
  author={Chen, Wenlin and Wilson, James T and Tyree, Stephen and Weinberger, Kilian Q and Chen, Yixin},
  booktitle={ICML},
  pages={2285--2294},
  year={2015}
}
@article{diversityNets,
  title={Diversity networks},
  author={Mariet, Zelda and Sra, Suvrit},
  journal={arXiv preprint arXiv:1511.05077},
  year={2015}
}
@inproceedings{rnnDarkKnowledge,
  title={Recurrent neural network training with dark knowledge transfer},
  author={Tang, Zhiyuan and Wang, Dong and Zhang, Zhiyong},
  booktitle={Acoustics, Speech and Signal Processing (ICASSP), 2016 IEEE International Conference on},
  pages={5900--5904},
  year={2016},
  organization={IEEE}
}
@article{jl,
  title={An elementary proof of a theorem of Johnson and Lindenstrauss},
  author={Dasgupta, Sanjoy and Gupta, Anupam},
  journal={Random Structures \& Algorithms},
  volume={22},
  number={1},
  pages={60--65},
  year={2003},
  publisher={Wiley Online Library}
}
@misc{mnist,
  title={The MNIST database of handwritten digits},
  author={LeCun, Yann and Cortes, Corinna and Burges, Christopher JC},
  year={1998}
}
@article{hypersphericalCap,
  title={Concise formulas for the area and volume of a hyperspherical cap},
  author={Li, Shengqiao},
  journal={Asian Journal of Mathematics and Statistics},
  volume={4},
  number={1},
  pages={66--70},
  year={2011}
}
@misc{dlmf,
         key = "{\relax DLMF}",
       title = "{\it NIST Digital Library of Mathematical Functions}",
howpublished = "http://dlmf.nist.gov/, Release 1.0.14 of 2016-12-21",
         url = "http://dlmf.nist.gov/",
        note = "F.~W.~J. Olver, A.~B. {Olde Daalhuis}, D.~W. Lozier, B.~I. Schneider,
                R.~F. Boisvert, C.~W. Clark, B.~R. Miller and B.~V. Saunders, eds."}
@inproceedings{sift,
  title={Object recognition from local scale-invariant features},
  author={Lowe, David G},
  booktitle={Computer vision, 1999. The proceedings of the seventh IEEE international conference on},
  volume={2},
  pages={1150--1157},
  year={1999},
  organization={Ieee}
}
