@article{snappy,
  title={Snappy: A fast compressor/decompressor},
  author={Gunderson, SH},
  journal={code. google. com/p/snappy},
  year={2015}
}
@article{fastJL,
author = {Ailon, Nir and Chazelle, Bernard},
doi = {10.1137/060673096},
journal = {SIAM Journal on Computing (SICOMP)},
keywords = {approximate nearest neighbors,dimension reduction,random matrices},
number = {1},
pages = {302--322},
title = {{The Fast Johnson-Lindenstrauss Transform and Approximate Nearest Neighbors}},
volume = {39},
year = {2009}
}
.
@article{bengioKmeansMips,
archivePrefix = {arXiv},
arxivId = {1507.05910},
author = {Auvolat, Alex and Chandar, Sarath and Vincent, Pascal and Larochelle, Hugo and Bengio, Yoshua},
doi = {10.475/123},
eprint = {1507.05910},
isbn = {9781450335423},
issn = {0146-4833},
journal = {ICLR},
pages = {10},
title = {{Clustering is Efficient for Approximate Maximum Inner Product Search}},
url = {http://arxiv.org/abs/1507.05910},
year = {2016}
}

@article{otq,
author = {Babenko, Artem and Lempitsky, Victor},
isbn = {9781467369640},
journal = {CVPR},
pages = {1--9},
title = {{Tree Quantization for Large-Scale Similarity Search and Classification}},
url = {papers3://publication/uuid/F4762974-BB97-4208-B035-508945A90EFC},
year = {2015}
}

@article{wtaDnn,
archivePrefix = {arXiv},
arxivId = {1504.07488},
author = {Bakhtiary, Amir H. and Lapedriza, Agata and Masip, David},
doi = {10.3233/978-1-61499-578-4-173},
eprint = {1504.07488},
isbn = {9781614995777},
issn = {09226389},
journal = {Frontiers in Artificial Intelligence and Applications},
keywords = {Deep Convolutional Net,Large Neural Layer,Winner Takes All Hashing},
pages = {173--182},
title = {{Speeding Up Neural Networks for Large Scale Classification using WTA Hashing}},
volume = {277},
year = {2015}
}

@article{jegouBeyondSrp,
author = {Balu, Raghavendran and Furon, Teddy and J{\'{e}}gou, Herv{\'{e}}},
isbn = {9781479928934},
journal = {IEEE International Conference on Acoustic , Speech and Signal Processing (ICASSP)},
number = {3},
pages = {6934--6938},
title = {{Beyond "Project and Sign" For Cosine Estimation with Binary Codes}},
year = {2014}
}

@article{bengioHierarchicalMemNets,
archivePrefix = {arXiv},
arxivId = {1605.07427},
author = {Chandar, Sarath and Ahn, Sungjin and Larochelle, Hugo and Vincent, Pascal and Tesauro, Gerald and Bengio, Yoshua},
eprint = {1605.07427},
journal = {Arxiv},
pages = {1--10},
title = {{Hierarchical Memory Networks}},
url = {http://arxiv.org/abs/1605.07427},
year = {2016}
}

@article{E2LSH,
archivePrefix = {arXiv},
arxivId = {arXiv:1011.1669v3},
author = {Datar, M. and Immorlica, N. and Indyk, Piotr and Mirrokni, V.S.},
doi = {10.1145/997817.997857},
eprint = {arXiv:1011.1669v3},
isbn = {1581138857},
issn = {0899-7667},
journal = {Proceedings of the Twentieth Annual Symposium on Computational Geometry},
keywords = {approximate nearest neighbor,locally sensitive hashing,sublinear algorithm,{\^{o}} -stable distributions},
pages = {253--262},
pmid = {25052830},
title = {{Locality-Sensitive Hashing Scheme Based on p-Stable Distributions}},
url = {http://portal.acm.org/citation.cfm?id=997857},
year = {2004}
}

@inproceedings{learningWeightsConnections,
  title={Learning both weights and connections for efficient neural network},
  author={Han, Song and Pool, Jeff and Tran, John and Dally, William},
  booktitle={Advances in Neural Information Processing Systems},
  pages={1135--1143},
  year={2015}
}

@article{antisparseCoding,
author = {J{\'{e}}gou, Herv{\'{e}} and Furon, Teddy and Fuchs, Jean-Jacques},
isbn = {9781467300469},
journal = {ICASSP - 37th International Conference on Acoustics, Speech, and Signal Processing},
pages = {2029--2032},
title = {{Anti-sparse coding for approximate nearest neighbor search}},
year = {2012}
}


@article{acdc,
archivePrefix = {arXiv},
arxivId = {1511.05946},
author = {Moczulski, Marcin and Denil, Misha and Appleyard, Jeremy and de Freitas, Nando},
eprint = {1511.05946},
isbn = {5996014123031},
journal = {ICLR},
number = {2},
pages = {1--11},
title = {{ACDC: A Structured Efficient Linear Layer}},
year = {2016}
}
% url = {http://arxiv.org/abs/1511.05946},

@article{shrivastavaDnnHashing,
archivePrefix = {arXiv},
arxivId = {1602.08194},
author = {Spring, Ryan and Shrivastava, Anshumali},
eprint = {1602.08194},
journal = {arXiv:1602.08194},
pages = {9},
title = {{Scalable and Sustainable Deep Learning via Randomized Hashing}},
year = {2016}
}
% url = {http://arxiv.org/abs/1602.08194},

@article{compressiveMining,
archivePrefix = {arXiv},
arxivId = {1405.5873},
author = {Vlachos, Michail and Freris, Nikolaos M. and Kyrillidis, Anastasios},
doi = {10.1007/s00778-014-0360-3},
eprint = {1405.5873},
issn = {0949877X},
journal = {VLDB Journal},
keywords = {Compressive sensing,Convex optimization,Data compression,Fourier,Waterfilling algorithm,Wavelets},
number = {1},
pages = {1--24},
title = {{Compressive mining: Fast and optimal data mining in the compressed domain}},
volume = {24},
year = {2015}
}

@article{gpuNNcvpr,
author = {Wieschollek, Patrick and Wang, Oliver and Sorkine-Hornung, Alexander and Lensch, Hendrik P. A.},
doi = {10.1109/CVPR.2016.223},
isbn = {9781467388511},
issn = {10636919},
journal = {CVPR},
pages = {2027--2035},
title = {{Efficient Large-Scale Approximate Nearest Neighbor Search on the GPU}},
year = {2016}
}

@article{adaptiveFastfood,
archivePrefix = {arXiv},
arxivId = {1412.7149},
author = {Yang, Zichao and Moczulski, Marcin and Denil, Misha and de Freitas, Nando and Smola, Alex and Song, Le and Wang, Ziyu},
doi = {10.1007/s13398-014-0173-7.2},
eprint = {1412.7149},
isbn = {9780874216561},
issn = {0717-6163},
journal = {ICCV},
pmid = {15003161},
title = {{Deep Fried Convnets}},
url = {http://arxiv.org/abs/1412.7149},
year = {2014}
}

@article{circulantBinaryEmbedding,
archivePrefix = {arXiv},
arxivId = {arXiv:1405.3162v1},
author = {Yu, Felix X and Kumar, Sanjiv and Gong, Yunchao and Chang, Shih-Fu},
eprint = {arXiv:1405.3162v1},
isbn = {9781634393973},
issn = {9781634393973},
journal = {ICML},
number = {x},
pages = {9},
title = {{Circulant Binary Embedding}},
volume = {32},
year = {2014}
}

@article{cq,
abstract = {Proceedings of the International Conference on Machine Learning 2014},
author = {Zhang, Ting and Du, Chao and Wang, Jingdong},
journal = {Proceedings of the 31st International Conference on Machine Learning (ICML-14)},
keywords = {Composite quantization,compact code,hashing,nea},
pages = {838--846},
title = {{Composite Quantization for Approximate Nearest Neighbor Search}},
volume = {32},
year = {2014}
}


@inproceedings{IMI,
  title={The inverted multi-index},
  author={Babenko, Artem and Lempitsky, Victor},
  booktitle={Computer Vision and Pattern Recognition (CVPR), 2012 IEEE Conference on},
  pages={3069--3076},
  year={2012},
  organization={IEEE}
}

@inproceedings{lopq,
  title={Locally optimized product quantization for approximate nearest neighbor search},
  author={Kalantidis, Yannis and Avrithis, Yannis},
  booktitle={Proceedings of the IEEE Conference on Computer Vision and Pattern Recognition},
  pages={2321--2328},
  year={2014}
}

@article{lossAwareDnnBinarization,
  title={Loss-aware Binarization of Deep Networks},
  author={Hou, Lu and Yao, Quanming and Kwok, James T},
  journal={arXiv preprint arXiv:1611.01600},
  year={2016}
}

@inproceedings{McqGpu,
  title={Solving Multi-codebook Quantization in the GPU},
  author={Martinez, Julieta and Hoos, Holger H and Little, James J},
  booktitle={European Conference on Computer Vision},
  pages={638--650},
  year={2016},
  organization={Springer}
}

@inproceedings{lsq,
  title={Revisiting additive quantization},
  author={Martinez, Julieta and Clement, Joris and Hoos, Holger H and Little, James J},
  booktitle={European Conference on Computer Vision},
  pages={137--153},
  year={2016},
  organization={Springer}
}

@inproceedings{minimalLossHashing,
  title={Minimal loss hashing for compact binary codes},
  author={Norouzi, Mohammad and Fleet, David J.},
  booktitle={Proceedings of the 28th international conference on machine learning (ICML-11)},
  pages={353--360},
  year={2011}
}

@inproceedings{crosspolytopeLSH,
  title={Practical and optimal LSH for angular distance},
  author={Andoni, Alexandr and Indyk, Piotr and Laarhoven, Thijs and Razenshteyn, Ilya and Schmidt, Ludwig},
  booktitle={Advances in Neural Information Processing Systems},
  pages={1225--1233},
  year={2015}
}

@inproceedings{McqLutOptimization,
  title={Optimized distances for binary code ranking},
  author={Wang, Jianfeng and Shen, Heng Tao and Yan, Shuicheng and Yu, Nenghai and Li, Shipeng and Wang, Jingdong},
  booktitle={Proceedings of the 22nd ACM international conference on Multimedia},
  pages={517--526},
  year={2014},
  organization={ACM}
}

@article{opq,
  title={Optimized product quantization},
  author={Ge, Tiezheng and He, Kaiming and Ke, Qifa and Sun, Jian},
  journal={IEEE transactions on pattern analysis and machine intelligence},
  volume={36},
  number={4},
  pages={744--755},
  year={2014},
  publisher={IEEE}
}

@incollection{orthogonalRandomFeatures,
  title = {Orthogonal Random Features},
  author = {Yu, Felix X and Suresh, Ananda Theertha and Choromanski, Krzysztof M and Holtmann-Rice, Daniel N and Kumar, Sanjiv},
  booktitle = {Advances in Neural Information Processing Systems 29},
  editor = {D. D. Lee and M. Sugiyama and U. V. Luxburg and I. Guyon and R. Garnett},
  pages = {1975--1983},
  year = {2016},
  publisher = {Curran Associates, Inc.},
  url = {http://papers.nips.cc/paper/6246-orthogonal-random-features.pdf}
}

@article{pairQ,
  title={Pairwise Quantization},
  author={Babenko, Artem and Arandjelovi{\'c}, Relja and Lempitsky, Victor},
  journal={arXiv preprint arXiv:1606.01550},
  year={2016}
}

@inproceedings{jain2016approximate,
  title={Approximate search with quantized sparse representations},
  author={Jain, Himalaya and P{\'e}rez, Patrick and Gribonval, R{\'e}mi and Zepeda, Joaquin and J{\'e}gou, Herv{\'e}},
  booktitle={European Conference on Computer Vision},
  pages={681--696},
  year={2016},
  organization={Springer}
}

@inproceedings{spectralHashing,
  title={Spectral hashing},
  author={Weiss, Yair and Torralba, Antonio and Fergus, Rob},
  booktitle={Advances in neural information processing systems},
  pages={1753--1760},
  year={2009}
}

@article{stackedQuantizers,
  title={Stacked quantizers for compositional vector compression},
  author={Martinez, Julieta and Hoos, Holger H and Little, James J},
  journal={arXiv preprint arXiv:1411.2173},
  year={2014}
}

@article{structuredSpinners,
  title={Structured adaptive and random spinners for fast machine learning computations},
  author={Bojarski, Mariusz and Choromanska, Anna and Choromanski, Krzysztof and Fagan, Francois and Gouy-Pailler, Cedric and Morvan, Anne and Sakr, Nouri and Sarlos, Tamas and Atif, Jamal},
  journal={arXiv preprint arXiv:1610.06209},
  year={2016}
}

@inproceedings{superbitLSH,
  title={Super-bit locality-sensitive hashing},
  author={Ji, Jianqiu and Li, Jianmin and Yan, Shuicheng and Zhang, Bo and Tian, Qi},
  booktitle={Advances in Neural Information Processing Systems},
  pages={108--116},
  year={2012}
}

@article{surveyLearningToHash,
  title={A survey on learning to hash},
  author={Wang, Jingdong and Zhang, Ting and Song, Jingkuan and Sebe, Nicu and Shen, Heng Tao},
  journal={arXiv preprint arXiv:1606.00185},
  year={2016}
}

@article{simdpq,
  title={Cache locality is not enough: high-performance nearest neighbor search with product quantization fast scan},
  author={Andr{\'e}, Fabien and Kermarrec, Anne-Marie and Le Scouarnec, Nicolas},
  journal={Proceedings of the VLDB Endowment},
  volume={9},
  number={4},
  pages={288--299},
  year={2015},
  publisher={VLDB Endowment}
}

@inproceedings{xboxReductions,
  title={Speeding up the xbox recommender system using a euclidean transformation for inner-product spaces},
  author={Bachrach, Yoram and Finkelstein, Yehuda and Gilad-Bachrach, Ran and Katzir, Liran and Koenigstein, Noam and Nice, Nir and Paquet, Ulrich},
  booktitle={Proceedings of the 8th ACM Conference on Recommender systems},
  pages={257--264},
  year={2014},
  organization={ACM}
}
@inproceedings{NOIMI,
  title={Efficient indexing of billion-scale datasets of deep descriptors},
  author={Babenko, Artem and Lempitsky, Victor},
  booktitle={Proceedings of the IEEE Conference on Computer Vision and Pattern Recognition},
  pages={2055--2063},
  year={2016}
}

@article{jlIsTight,
  title={The Johnson-Lindenstrauss lemma is optimal for linear dimensionality reduction},
  author={Larsen, Kasper Green and Nelson, Jelani},
  journal={arXiv preprint arXiv:1411.2404},
  year={2014}
}
@inproceedings{hashnet,
  title={Compressing Neural Networks with the Hashing Trick.},
  author={Chen, Wenlin and Wilson, James T and Tyree, Stephen and Weinberger, Kilian Q and Chen, Yixin},
  booktitle={ICML},
  pages={2285--2294},
  year={2015}
}
@article{diversityNets,
  title={Diversity networks},
  author={Mariet, Zelda and Sra, Suvrit},
  journal={arXiv preprint arXiv:1511.05077},
  year={2015}
}
@inproceedings{rnnDarkKnowledge,
  title={Recurrent neural network training with dark knowledge transfer},
  author={Tang, Zhiyuan and Wang, Dong and Zhang, Zhiyong},
  booktitle={Acoustics, Speech and Signal Processing (ICASSP), 2016 IEEE International Conference on},
  pages={5900--5904},
  year={2016},
  organization={IEEE}
}
@article{jl,
  title={An elementary proof of a theorem of Johnson and Lindenstrauss},
  author={Dasgupta, Sanjoy and Gupta, Anupam},
  journal={Random Structures \& Algorithms},
  volume={22},
  number={1},
  pages={60--65},
  year={2003},
  publisher={Wiley Online Library}
}
@misc{mnist,
  title={The MNIST database of handwritten digits},
  author={LeCun, Yann and Cortes, Corinna and Burges, Christopher JC},
  year={1998}
}
@misc{eigen,
  author = {Gael Guennebaud and Benoit Jacob and others},
  title = {Eigen v3},
  howpublished = {http://eigen.tuxfamily.org},
  year = {2010}
 }
@inproceedings{quip,
  title={Quantization based fast inner product search},
  author={Guo, Ruiqi and Kumar, Sanjiv and Choromanski, Krzysztof and Simcha, David},
  booktitle={Proceedings of the 19th International Conference on Artificial Intelligence and Statistics},
  pages={482--490},
  year={2016}
}
@article{hypersphericalCap,
  title={Concise formulas for the area and volume of a hyperspherical cap},
  author={Li, Shengqiao},
  journal={Asian Journal of Mathematics and Statistics},
  volume={4},
  number={1},
  pages={66--70},
  year={2011}
}
@misc{dlmf,
         key = "{\relax DLMF}",
       title = "{\it NIST Digital Library of Mathematical Functions}",
howpublished = "http://dlmf.nist.gov/, Release 1.0.14 of 2016-12-21",
         url = "http://dlmf.nist.gov/",
        note = "F.~W.~J. Olver, A.~B. {Olde Daalhuis}, D.~W. Lozier, B.~I. Schneider,
                R.~F. Boisvert, C.~W. Clark, B.~R. Miller and B.~V. Saunders, eds."}
@inproceedings{sift,
  title={Object recognition from local scale-invariant features},
  author={Lowe, David G},
  booktitle={Computer vision, 1999. The proceedings of the seventh IEEE international conference on},
  volume={2},
  pages={1150--1157},
  year={1999},
  organization={Ieee}
}

@inproceedings{xnorNet,
  title={Xnor-net: Imagenet classification using binary convolutional neural networks},
  author={Rastegari, Mohammad and Ordonez, Vicente and Redmon, Joseph and Farhadi, Ali},
  booktitle={European Conference on Computer Vision},
  pages={525--542},
  year={2016},
  organization={Springer}
}
@article{ternaryNets,
  title={Ternary weight networks},
  author={Li, Fengfu and Zhang, Bo and Liu, Bin},
  journal={arXiv preprint arXiv:1605.04711},
  year={2016}
}
@article{dorefaNet,
  title={DoReFa-Net: Training low bitwidth convolutional neural networks with low bitwidth gradients},
  author={Zhou, Shuchang and Wu, Yuxin and Ni, Zekun and Zhou, Xinyu and Wen, He and Zou, Yuheng},
  journal={arXiv preprint arXiv:1606.06160},
  year={2016}
}
@article{squeezeNet,
  title={SqueezeNet: AlexNet-level accuracy with 50x fewer parameters and 0.5 MB model size},
  author={Iandola, Forrest N and Han, Song and Moskewicz, Matthew W and Ashraf, Khalid and Dally, William J and Keutzer, Kurt},
  journal={arXiv preprint arXiv:1602.07360},
  year={2016}
}
@article{enet,
  title={Enet: A deep neural network architecture for real-time semantic segmentation},
  author={Paszke, Adam and Chaurasia, Abhishek and Kim, Sangpil and Culurciello, Eugenio},
  journal={arXiv preprint arXiv:1606.02147},
  year={2016}
}
@article{benDnnExpressive,
  title={On the expressive power of deep neural networks},
  author={Raghu, Maithra and Poole, Ben and Kleinberg, Jon and Ganguli, Surya and Sohl-Dickstein, Jascha},
  journal={arXiv preprint arXiv:1606.05336},
  year={2016}
}
@article{cormodePrivCount,
  title={Constrained Differential Privacy for Count Data},
  author={Cormode, Graham and Kulkarni, Tejas and Srivastava, Divesh},
  journal={arXiv preprint arXiv:1710.00608},
  year={2017}
}
@article{countMinSketch,
  title={An improved data stream summary: the count-min sketch and its applications},
  author={Cormode, Graham and Muthukrishnan, Shan},
  journal={Journal of Algorithms},
  volume={55},
  number={1},
  pages={58--75},
  year={2005},
  publisher={Elsevier}
}
@inproceedings{prio,
  title={Prio: Private, Robust, and Scalable Computation of Aggregate Statistics.},
  author={Corrigan-Gibbs, Henry and Boneh, Dan},
  booktitle={NSDI},
  pages={259--282},
  year={2017}
}
@article{decoupledBackprop,
  title={Decoupled neural interfaces using synthetic gradients},
  author={Jaderberg, Max and Czarnecki, Wojciech Marian and Osindero, Simon and Vinyals, Oriol and Graves, Alex and Kavukcuoglu, Koray},
  journal={arXiv preprint arXiv:1608.05343},
  year={2016}
}
@article{rnnNoBacktrack,
  title={Training recurrent networks online without backtracking},
  author={Ollivier, Yann and Tallec, Corentin and Charpiat, Guillaume},
  journal={arXiv preprint arXiv:1507.07680},
  year={2015}
}
@article{oneShotMemory,
  title={One-shot learning with memory-augmented neural networks},
  author={Santoro, Adam and Bartunov, Sergey and Botvinick, Matthew and Wierstra, Daan and Lillicrap, Timothy},
  journal={arXiv preprint arXiv:1605.06065},
  year={2016}
}
@article{learningRareEvents,
  title={Learning to remember rare events},
  author={Kaiser, {\L}ukasz and Nachum, Ofir and Roy, Aurko and Bengio, Samy},
  journal={arXiv preprint arXiv:1703.03129},
  year={2017}
}
@inproceedings{visualizingConvnets,
  title={Visualizing and understanding convolutional networks},
  author={Zeiler, Matthew D and Fergus, Rob},
  booktitle={European conference on computer vision},
  pages={818--833},
  year={2014},
  organization={Springer}
}
@article{convnetSaliency,
  title={Deep inside convolutional networks: visualising image classification models and saliency maps (2014)},
  author={Simonyan, Karen and Vedaldi, Andrea and Zisserman, Andrew},
  journal={arXiv preprint arXiv:1312.6034},
  year={2013}
}
@article{attention,
  title={Neural machine translation by jointly learning to align and translate},
  author={Bahdanau, Dzmitry and Cho, Kyunghyun and Bengio, Yoshua},
  journal={arXiv preprint arXiv:1409.0473},
  year={2014}
}
@inproceedings{kddExplain,
  title={Why should i trust you?: Explaining the predictions of any classifier},
  author={Ribeiro, Marco Tulio and Singh, Sameer and Guestrin, Carlos},
  booktitle={Proceedings of the 22nd ACM SIGKDD International Conference on Knowledge Discovery and Data Mining},
  pages={1135--1144},
  year={2016},
  organization={ACM}
}
@inproceedings{ytCatFace,
  title={Building high-level features using large scale unsupervised learning},
  author={Le, Quoc V},
  booktitle={Acoustics, Speech and Signal Processing (ICASSP), 2013 IEEE International Conference on},
  pages={8595--8598},
  year={2013},
  organization={IEEE}
}
@article{AISysChallenges,
  title={A Berkeley View of Systems Challenges for AI},
  author={Stoica, Ion and Song, Dawn and Popa, Raluca Ada and Patterson, David A and Mahoney, Michael W and Katz, Randy H and Joseph, Anthony D and Jordan, Michael and Hellerstein, Joseph M and Gonzalez, Joseph and others},
  year={2017}
}
@article{rememberTooMuch,
  title={Machine Learning Models that Remember Too Much},
  author={Song, Congzheng and Ristenpart, Thomas and Shmatikov, Vitaly},
  journal={arXiv preprint arXiv:1709.07886},
  year={2017}
}
@inproceedings{modelInversion,
  title={Model inversion attacks that exploit confidence information and basic countermeasures},
  author={Fredrikson, Matt and Jha, Somesh and Ristenpart, Thomas},
  booktitle={Proceedings of the 22nd ACM SIGSAC Conference on Computer and Communications Security},
  pages={1322--1333},
  year={2015},
  organization={ACM}
}
@inproceedings{membershipInference,
  title={Membership inference attacks against machine learning models},
  author={Shokri, Reza and Stronati, Marco and Song, Congzheng and Shmatikov, Vitaly},
  booktitle={Security and Privacy (SP), 2017 IEEE Symposium on},
  pages={3--18},
  year={2017},
  organization={IEEE}
}
@inproceedings{privstats,
  title={Privacy and accountability for location-based aggregate statistics},
  author={Popa, Raluca Ada and Blumberg, Andrew J and Balakrishnan, Hari and Li, Frank H},
  booktitle={Proceedings of the 18th ACM conference on Computer and communications security},
  pages={653--666},
  year={2011},
  organization={ACM}
}
@article{papernotSemi,
  title={Semi-supervised knowledge transfer for deep learning from private training data},
  author={Papernot, Nicolas and Abadi, Mart{\'\i}n and Erlingsson, {\'U}lfar and Goodfellow, Ian and Talwar, Kunal},
  journal={arXiv preprint arXiv:1610.05755},
  year={2016}
}
@article{intriguing,
  title={Intriguing properties of neural networks},
  author={Szegedy, Christian and Zaremba, Wojciech and Sutskever, Ilya and Bruna, Joan and Erhan, Dumitru and Goodfellow, Ian and Fergus, Rob},
  journal={arXiv preprint arXiv:1312.6199},
  year={2013}
}
@inproceedings{papernotBlackBox,
  title={Practical black-box attacks against machine learning},
  author={Papernot, Nicolas and McDaniel, Patrick and Goodfellow, Ian and Jha, Somesh and Celik, Z Berkay and Swami, Ananthram},
  booktitle={Proceedings of the 2017 ACM on Asia Conference on Computer and Communications Security},
  pages={506--519},
  year={2017},
  organization={ACM}
}
@inproceedings{extract,
  title={EXTRACT: Strong Examples from Weakly-Labeled Sensor Data},
  author={Blalock, Davis W and Guttag, John V},
  booktitle={Proceedings of IEEE ICDM},
  pages={799--804},
  year={2016},
  organization={IEEE}
}
@inproceedings{bolt,
  title={Bolt: Accelerated Data Mining with Fast Vector Compression},
  author={Blalock, Davis W and Guttag, John V},
  booktitle={Proceedings of the 23rd ACM SIGKDD International Conference on Knowledge Discovery and Data Mining},
  pages={727--735},
  year={2017},
  organization={ACM}
}
@article{synapto,
  title={Adaptive synaptogenesis constructs neural codes that benefit discrimination},
  author={Thomas, Blake T and Blalock, Davis W and Levy, William B},
  journal={PLoS computational biology},
  volume={11},
  number={7},
  year={2015},
  publisher={Public Library of Science}
}
@article{sparsitron,
  title={Learning graphical models using multiplicative weights},
  author={Klivans, Adam and Meka, Raghu},
  journal={arXiv preprint arXiv:1706.06274},
  year={2017}
}
@inproceedings{breslerIsing,
  title={Efficiently learning Ising models on arbitrary graphs},
  author={Bresler, Guy},
  booktitle={Proceedings of the forty-seventh annual ACM symposium on Theory of computing},
  pages={771--782},
  year={2015},
  organization={ACM}
}
@article{diffPrivBook,
  title={The algorithmic foundations of differential privacy},
  author={Dwork, Cynthia and Roth, Aaron and others},
  journal={Foundations and Trends{\textregistered} in Theoretical Computer Science},
  volume={9},
  number={3--4},
  pages={211--407},
  year={2014},
  publisher={Now Publishers, Inc.}
}
@article{cnnGenerativeModel,
  title={A probabilistic theory of deep learning},
  author={Patel, Ankit B and Nguyen, Tan and Baraniuk, Richard G},
  journal={arXiv preprint arXiv:1504.00641},
  year={2015}
}

@article{deepRecSurvey2017,
  title={Deep learning based recommender system: A survey and new perspectives},
  author={Zhang, Shuai and Yao, Lina and Sun, Aixin},
  journal={arXiv preprint arXiv:1707.07435},
  year={2017}
}
@inproceedings{hogwild,
  title={Hogwild: A lock-free approach to parallelizing stochastic gradient descent},
  author={Recht, Benjamin and Re, Christopher and Wright, Stephen and Niu, Feng},
  booktitle={Advances in neural information processing systems},
  pages={693--701},
  year={2011}
}
@inproceedings{tensorflow,
  title={TensorFlow: A System for Large-Scale Machine Learning.},
  author={Abadi, Martin and Barham, Paul and Chen, Jianmin and Chen, Zhifeng and Davis, Andy and Dean, Jeffrey and Devin, Matthieu and Ghemawat, Sanjay and others},
  booktitle={OSDI},
  volume={16},
  pages={265--283},
  year={2016}
}
@inproceedings{wideAndDeep,
  title={Wide \& deep learning for recommender systems},
  author={Cheng, Heng-Tze and Koc, Levent and Harmsen, Jeremiah and Shaked, Tal and Chandra, Tushar and Aradhye, Hrishi and Anderson, Glen and Corrado, Greg and others},
  booktitle={Proceedings of the 1st Workshop on Deep Learning for Recommender Systems},
  pages={7--10},
  year={2016},
  organization={ACM}
}
@inproceedings{eie,
  title={EIE: efficient inference engine on compressed deep neural network},
  author={Han, Song and Liu, Xingyu and Mao, Huizi and Pu, Jing and Pedram, Ardavan and Horowitz, Mark A and Dally, William J},
  booktitle={Proceedings of the 43rd International Symposium on Computer Architecture},
  pages={243--254},
  year={2016},
  organization={IEEE Press}
}
@article{szeEfficient,
  title={Efficient processing of deep neural networks: A tutorial and survey},
  author={Sze, Vivienne and Chen, Yu-Hsin and Yang, Tien-Ju and Emer, Joel},
  journal={arXiv preprint arXiv:1703.09039},
  year={2017}
}
@inproceedings{tpu,
  title={In-datacenter performance analysis of a tensor processing unit},
  author={Jouppi, Norman P and Young, Cliff and Patil, Nishant and Patterson, David and Agrawal, Gaurav and Bajwa, Raminder and Bates, Sarah and Bhatia, Suresh and Boden, Nan and Borchers, Al and others},
  booktitle={Proceedings of the 44th Annual International Symposium on Computer Architecture},
  pages={1--12},
  year={2017},
  organization={ACM}
}
@misc{wiredDeepHardware,
  author = {Cade Metz},
  title = {The Race To Build An AI Chip For Everything Just Got Real},
  howpublished = {Available at \url{https://www.wired.com/2017/04/race-make-ai-chips-everything-heating-fast/}},
  year={2017},
 }
@article{SpaTwoFish,
  title={A Simple Power Analysis Attack on the Twofish Key Schedule},
  author={Ortiz, Jose Javier Gonzalez and Compton, Kevin J},
  journal={arXiv preprint arXiv:1611.07109},
  year={2016}
}
@inproceedings{ortizHeart,
  title={Heart sound classification based on temporal alignment techniques},
  author={Ortiz, Jos{\'e} Javier Gonz{\'a}lez and Phoo, Cheng Perng and Wiens, Jenna},
  booktitle={Computing in Cardiology Conference (CinC), 2016},
  pages={589--592},
  year={2016},
  organization={IEEE}
}

@inbook{murphyCramerRao,
  pages = {201--202},
  title={Machine learning: a Probabilistic Perspective},
  author={Murphy, Kevin P},
  chapter = {6},
  year = {2012},
  publisher={MIT press},
}
@article{pytorch,
  title={Automatic differentiation in PyTorch},
  author={Paszke, Adam and Gross, Sam and Chintala, Soumith and Chanan, Gregory and Yang, Edward and DeVito, Zachary and Lin, Zeming and Desmaison, Alban and Antiga, Luca and Lerer, Adam},
  year={2017}
}
@inproceedings{metaTrain,
  title={Learning from Small Sample Sets by Combining Unsupervised Meta-Training with CNNs},
  author={Wang, Yu-Xiong and Hebert, Martial},
  booktitle={Advances in Neural Information Processing Systems},
  pages={244--252},
  year={2016}
}
@inproceedings{matchingNets,
  title={Matching networks for one shot learning},
  author={Vinyals, Oriol and Blundell, Charles and Lillicrap, Tim and Wierstra, Daan and others},
  booktitle={Advances in Neural Information Processing Systems},
  pages={3630--3638},
  year={2016}
}

@inproceedings{optimalBrainDamage,
  title={Optimal brain damage},
  author={LeCun, Yann and Denker, John S and Solla, Sara A},
  booktitle={Advances in neural information processing systems},
  pages={598--605},
  year={1990}
}

@article{deepCompression,
  title={Deep compression: Compressing deep neural networks with pruning, trained quantization and huffman coding},
  author={Han, Song and Mao, Huizi and Dally, William J},
  journal={arXiv preprint arXiv:1510.00149},
  year={2015}
}

@incollection{targetPropOrig,
  title={Learning process in an asymmetric threshold network},
  author={Le Cun, Yann},
  booktitle={Disordered systems and biological organization},
  pages={233--240},
  year={1986},
  publisher={Springer}
}
@article{ojasRule,
  title={Simplified neuron model as a principal component analyzer},
  author={Oja, Erkki},
  journal={Journal of mathematical biology},
  volume={15},
  number={3},
  pages={267--273},
  year={1982},
  publisher={Springer}
}
@inproceedings{prelu,
  title={Delving deep into rectifiers: Surpassing human-level performance on imagenet classification},
  author={He, Kaiming and Zhang, Xiangyu and Ren, Shaoqing and Sun, Jian},
  booktitle={Proceedings of the IEEE international conference on computer vision},
  pages={1026--1034},
  year={2015}
}
@article{batchNorm,
  title={Batch normalization: Accelerating deep network training by reducing internal covariate shift},
  author={Ioffe, Sergey and Szegedy, Christian},
  journal={arXiv preprint arXiv:1502.03167},
  year={2015}
}
@article{madryBatchNorm,
  title={How Does Batch Normalization Help Optimization? (No, It Is Not About Internal Covariate Shift)},
  author={Santurkar, Shibani and Tsipras, Dimitris and Ilyas, Andrew and Madry, Aleksander},
  journal={arXiv preprint arXiv:1805.11604},
  year={2018}
}
@article{sparseMixExpert,
  title={Outrageously large neural networks: The sparsely-gated mixture-of-experts layer},
  author={Shazeer, Noam and Mirhoseini, Azalia and Maziarz, Krzysztof and Davis, Andy and Le, Quoc and Hinton, Geoffrey and Dean, Jeff},
  journal={arXiv preprint arXiv:1701.06538},
  year={2017}
}
@inproceedings{denseNets,
  title={Densely connected convolutional networks.},
  author={Huang, Gao and Liu, Zhuang and Van Der Maaten, Laurens and Weinberger, Kilian Q},
  booktitle={CVPR},
  volume={1},
  number={2},
  pages={3},
  year={2017}
}

@article{eckartYoungMirskyThm,
  title={The approximation of one matrix by another of lower rank},
  author={Eckart, Carl and Young, Gale},
  journal={Psychometrika},
  volume={1},
  number={3},
  pages={211--218},
  year={1936},
  publisher={Springer}
}
@article{sprintz,
  title={Sprintz: Time Series Compression for the Internet of Things},
  author={Blalock, Davis and Madden, Samuel and Guttag, John},
  journal={Proceedings of the ACM on Interactive, Mobile, Wearable and Ubiquitous Technologies},
  volume={2},
  number={3},
  pages={93},
  year={2018},
  publisher={ACM}
}
