@article{pq,
  title={Product quantization for nearest neighbor search},
  author={Jegou, Herve and Douze, Matthijs and Schmid, Cordelia},
  journal={IEEE transactions on pattern analysis and machine intelligence},
  volume={33},
  number={1},
  pages={117--128},
  year={2011},
  publisher={IEEE}
}
@article{pairQ,
  title={Pairwise Quantization},
  author={Babenko, Artem and Arandjelovic, Relja and Lempitsky, Victor},
  journal={arXiv preprint arXiv:1606.01550},
  year={2016}
}
@inproceedings{googleMips,
  title={Quantization based fast inner product search},
  author={Guo, Ruiqi and Kumar, Sanjiv and Choromanski, Krzysztof and Simcha, David},
  booktitle={Proceedings of the 19th International Conference on Artificial Intelligence and Statistics},
  pages={482--490},
  year={2016}
}
@article{hypersphericalCap,
  title={Concise formulas for the area and volume of a hyperspherical cap},
  author={Li, Shengqiao},
  journal={Asian Journal of Mathematics and Statistics},
  volume={4},
  number={1},
  pages={66--70},
  year={2011}
}
@misc{dlmf,
  key = "{\relax DLMF}",
  title = "{\it NIST Digital Library of Mathematical Functions}",
  howpublished = "http://dlmf.nist.gov/, Release 1.0.14 of 2016-12-21",
  url = "http://dlmf.nist.gov/",
  note = "F.~W.~J. Olver, A.~B. {Olde Daalhuis}, D.~W. Lozier, B.~I. Schneider,
    R.~F. Boisvert, C.~W. Clark, B.~R. Miller and B.~V. Saunders, eds."
}
