@article{swish,
  title={Searching for activation functions},
  author={Ramachandran, Prajit and Zoph, Barret and Le, Quoc V},
  year={2018}
}
@article{lurnBackprop,
  title={Backprop Evolution},
  author={Alber, Maximilian and Bello, Irwan and Zoph, Barret and Kindermans, Pieter-Jan and Ramachandran, Prajit and Le, Quoc},
  journal={arXiv preprint arXiv:1808.02822},
  year={2018}
}
@article{autoAugment,
  title={AutoAugment: Learning Augmentation Policies from Data},
  author={Cubuk, Ekin D and Zoph, Barret and Mane, Dandelion and Vasudevan, Vijay and Le, Quoc V},
  journal={arXiv preprint arXiv:1805.09501},
  year={2018}
}
@article{zoph2016,
  title={Neural architecture search with reinforcement learning},
  author={Zoph, Barret and Le, Quoc V},
  journal={arXiv preprint arXiv:1611.01578},
  year={2016}
}
@article{zoph2018,
  title={Progressive neural architecture search},
  author={Liu, Chenxi and Zoph, Barret and Shlens, Jonathon and Hua, Wei and Li, Li-Jia and Fei-Fei, Li and Yuille, Alan and Huang, Jonathan and Murphy, Kevin},
  journal={arXiv preprint arXiv:1712.00559},
  year={2017}
}
