@techreport{cifarDsets,
  title={Learning multiple layers of features from tiny images},
  author={Krizhevsky, Alex and Hinton, Geoffrey and others},
  year={2009},
  institution={Citeseer}
}
@inproceedings{imagenet,
  title={Imagenet: A large-scale hierarchical image database},
  author={Deng, Jia and Dong, Wei and Socher, Richard and Li, Li-Jia and Li, Kai and Fei-Fei, Li},
  booktitle={2009 IEEE conference on computer vision and pattern recognition},
  pages={248--255},
  year={2009},
  organization={Ieee}
}
@article{places,
  title={Places: A 10 million Image Database for Scene Recognition},
  author={Zhou, Bolei and Lapedriza, Agata and Khosla, Aditya and Oliva, Aude and Torralba, Antonio},
  journal={IEEE Transactions on Pattern Analysis and Machine Intelligence},
  year={2017},
  publisher={IEEE}
}
@inproceedings{caltech,
  title={Learning generative visual models from few training examples: An incremental bayesian approach tested on 101 object categories},
  author={Fei-Fei, Li and Fergus, Rob and Perona, Pietro},
  booktitle={2004 conference on computer vision and pattern recognition workshop},
  pages={178--178},
  year={2004},
  organization={IEEE}
}
