%% Created using Papers on Sat, 18 Jun 2016.
%% http://papersapp.com/papers/

@inproceedings{sax,
author = {Lin, Jessica and Keogh, Eamonn and Lonardi, Stefano and Chiu, Bill},
title = {{A symbolic representation of time series, with implications for streaming algorithms}},
booktitle = {DMKD 2003},
year = {2003},
publisher = {~ACM},
address = {New York, New York, USA},
month = jun
}

@article{bsnSubdim,
author = {Moazeni, Maryam and Mortazavi, Bobak and Sarrafzadeh, Majid},
title = {{Multi-dimensional signal search with applications in remote medical monitoring}},
journal = {IEEE BSN 2013},
year = {2013},
pages = {1--6}
}

@incollection{originalUS,
author = {Keogh, Eamonn},
title = {{Efficiently Finding Arbitrarily Scaled Patterns in Massive Time Series Databases}},
booktitle = {Knowledge Discovery in Databases: PKDD 2003},
year = {2003},
pages = {253--265},
publisher = {Springer Berlin Heidelberg},
address = {Berlin, Heidelberg},
month = jan
}

@inproceedings{audioCK,
author = {Hao, Yuan and Shokoohi-Yekta, M and Papageorgiou, G and Keogh, E},
title = {{Parameter-Free Audio Motif Discovery in Large Data Archives}},
booktitle = {ICDM 2013},
year = {2013},
pages = {261--270},
publisher = {IEEE}
}

@article{iSaxMotif,
author = {Castro, N and Azevedo, P J},
title = {{Multiresolution Motif Discovery in Time Series.}},
journal = {SDM},
year = {2010}
}

@inproceedings{motifProjection,
author = {Chiu, Bill and Keogh, Eamonn and Lonardi, Stefano},
title = {{Probabilistic discovery of time series motifs}},
booktitle = {ACM SIGKDD 2003},
year = {2003},
pages = {493--498},
publisher = {~ACM  Request Permissions},
address = {New York, New York, USA},
month = aug
}

@inproceedings{shapelets,
author = {Ye, Lexiang and Keogh, Eamonn},
title = {{Time series shapelets: a new primitive for data mining}},
booktitle = {ACM SIGKDD 2009},
year = {2009},
pages = {947--956},
publisher = {~ACM  Request Permissions},
address = {New York, New York, USA},
month = jun
}

@article{ushapelets,
author = {Zakaria, J and Mueen, A and Keogh, E},
title = {{Clustering time series using unsupervised-shapelets}},
journal = {Data Mining (ICDM)},
year = {2012}
}

@article{nuactiv,
author = {Cheng, H T and Sun, F T and Griss, M and Davis, P and Li, J},
title = {{Nuactiv: Recognizing unseen new activities using semantic attribute-based learning}},
journal = {ICMS 2013},
year = {2013}
}

@inproceedings{keoghUSmotifs,
author = {Yankov, Dragomir and Keogh, Eamonn and Medina, Jose and Chiu, Bill and Zordan, Victor},
title = {{Detecting time series motifs under uniform scaling}},
booktitle = {ACM SIGKDD 2007},
year = {2007},
pages = {844},
publisher = {~ACM  Request Permissions},
address = {New York, New York, USA},
month = aug
}

@article{unsupervisedMusicBoundaries,
author = {Serra, Joan and Muller, Meinard and Grosche, Peter and Arcos, Josep Ll},
title = {{Unsupervised Music Structure Annotation by Time Series Structure Features and Segment Similarity}},
journal = {IEEE Transactions on Multimedia},
year = {2016},
volume = {16},
number = {5},
pages = {1229--1240},
month = may
}

@book{ratanaFindAllCrap,
author = {Nunthanid, Pawan and Niennattrakul, Vit and Ratanamahatana, Chotirat Ann},
title = {{Parameter-free motif discovery for time series data}},
publisher = {IEEE},
year = {2012}
}

@article{minnenNeighborhood,
author = {Minnen, David and Starner, Thad and Essa, Irfan and Isbell, Charles},
title = {{Improving Activity Discovery with Automatic Neighborhood Estimation}},
year = {2006},
pages = {1--6},
month = nov
}

@article{numpy,
author = {Van Der Walt, Stefan and Colbert, S Chris and Varoquaux, Gael},
title = {{The NumPy array: a structure for efficient numerical computation}},
journal = {Computing in Science {\&} Engineering},
year = {2011},
volume = {13},
number = {2},
pages = {22--30}
}

@incollection{motifAmplitudeSAXGarbage,
author = {Armstrong, Tom and Drewniak, Eric},
title = {{Unsupervised Discovery of Motifs under Amplitude Scaling and Shifting in Time Series Databases}},
booktitle = {Machine Learning and Data Mining in Pattern Recognition},
year = {2011},
pages = {539--552},
publisher = {Springer Berlin Heidelberg},
address = {Berlin, Heidelberg},
month = aug
}

@article{sklearn,
author = {Pedregosa, Fabian and Varoquaux, Gael and Gramfort, Alexandre and Michel, Vincent and Thirion, Bertrand and Grisel, Olivier and Blondel, Mathieu and Prettenhofer, Peter and Weiss, Ron and Dubourg, Vincent and {others}},
title = {{Scikit-learn: Machine learning in Python}},
journal = {The Journal of Machine Learning Research},
year = {2011},
volume = {12},
pages = {2825--2830}
}

@article{mueenTsJoin,
author = {Mueen, A and Hamooni, H and Estrada, T},
title = {{Time Series Join on Subsequence Correlation}},
journal = {Data Mining (ICDM)},
year = {2014}
}

@article{gunPointOrig,
author = {Ratanamahatana, C A and Keogh, E},
title = {{Making time-series classification more accurate using learned constraints}},
year = {2004}
}

@incollection{mk+++,
author = {Mohammad, Yasser and Nishida, Toyoaki},
title = {{Scale Invariant Multi-length Motif Discovery}},
booktitle = {Modern Advances in Applied Intelligence},
year = {2014},
pages = {417--426},
publisher = {Springer International Publishing},
address = {Cham},
month = jun
}

@article{zeeshanGibbsMotif,
author = {Syed, Z and Stultz, C and Kellis, M and Indyk, P and Guttag, J},
title = {{Motif discovery in physiological datasets: a methodology for inferring predictive elements}},
journal = {ACM Transactions on {\ldots}},
year = {2010}
}

@incollection{gstex,
author = {Mohammad, Yasser and Ohmoto, Yoshimasa and Nishida, Toyoaki},
title = {{G-SteX: Greedy Stem Extension for Free-Length Constrained Motif Discovery}},
booktitle = {Advanced Research in Applied Artificial Intelligence},
year = {2012},
pages = {417--426},
publisher = {Springer Berlin Heidelberg},
address = {Berlin, Heidelberg}
}

@article{keoghDotPlots,
author = {Yankov, D and Keogh, E and Lonardi, S},
title = {{Dot plots for time series analysis}},
journal = {17th IEEE International Conference on Tools with Artificial Intelligence (ICTAI'05)},
year = {2005},
pages = {10 pp.--168}
}

@inproceedings{pandas,
author = {McKinney, Wes},
title = {{Data structures for statistical computing in Python}},
booktitle = {Proceedings of the 9th},
year = {2010},
pages = {51--56}
}

@inproceedings{iSax2,
author = {Camerra, A and Palpanas, T and Shieh, J and Keogh, E},
title = {{iSAX 2.0: Indexing and Mining One Billion Time Series}},
booktitle = {Data Mining (ICDM), 2010 IEEE 10th International Conference on},
year = {2010},
pages = {58--67},
publisher = {~IEEE Computer Society}
}

@article{scipy,
author = {Jones, Eric and Oliphant, Travis and Peterson, Pearu},
title = {{SciPy: Open source scientific tools for Python}},
year = {2014}
}

@inproceedings{moen,
author = {Mueen, A},
title = {{Enumeration of Time Series Motifs of All Lengths}},
booktitle = {ICDM 2013},
year = {2013},
pages = {547--556},
publisher = {IEEE}
}

@article{motifPCAMDL,
author = {Tanaka, Yoshiki and Iwamoto, Kazuhisa and Uehara, Kuniaki},
title = {{Discovery of Time-Series Motif from Multi-Dimensional Data Based on MDL Principle}},
journal = {Machine Learning},
year = {2005},
volume = {58},
number = {2-3},
pages = {269--300},
month = feb
}

@article{fastUshapelets,
author = {Ulanova, L and Begum, N and Keogh, E},
title = {{Scalable Clustering of Time Series with U-Shapelets}},
journal = {SDM 2015},
year = {2015},
pages = {900--908}
}

@inproceedings{numba,
author = {Oliphant, Travis},
title = {{Numba python bytecode to LLVM translator}},
booktitle = {Proceedings of the Python for Scientific Computing Conference (SciPy)},
year = {2012}
}

@article{undertowMusic,
author = {Armstrong, Tom and Oates, Tim},
title = {{UNDERTOW: Multi-Level Segmentation of Real-Valued Time Series}},
year = {2016},
pages = {1--2},
month = may
}

@inproceedings{neverEnding,
author = {Hao, Yuan and Chen, Yanping and Zakaria, Jesin and Hu, Bing and Rakthanmanon, Thanawin and Keogh, Eamonn},
title = {{Towards never-ending learning from time series streams}},
booktitle = {KDD 2013},
year = {2013},
pages = {874--882},
publisher = {~ACM  Request Permissions},
address = {New York, New York, USA},
month = aug
}

@article{crossmatch,
author = {Toyoda, Machiko and Sakurai, Yasushi and Ishikawa, Yoshiharu},
title = {{Pattern discovery in data streams under the time warping distance}},
journal = {The VLDB Journal},
year = {2012},
volume = {22},
number = {3},
pages = {295--318},
month = sep
}

@book{electricitySAX,
author = {Reinhardt, Andreas and Koessler, Sebastian},
title = {{PowerSAX: Fast motif matching in distributed power meter data using symbolic representations}},
publisher = {IEEE},
year = {2014}
}

@inproceedings{ratanaMultiLenMotif,
author = {Nunthanid, P and Niennattrakul, V and Ratanamahatana, C A},
title = {{Discovery of variable length time series motif}},
booktitle = {Electrical Engineering/Electronics, Computer, Telecommunications and Information Technology (ECTI-CON), 2011 8th International Conference on},
year = {2011},
pages = {472--475},
publisher = {IEEE}
}

@article{motifOrig,
author = {Lin, Jessica and Keogh, Eamonn and Lonardi, JLEKS and Patel, P},
title = {{Finding motifs in time series}},
journal = {KDD 02},
year = {2002}
}

@article{saxVSM,
author = {Senin, P and Malinchik, S},
title = {{SAX-VSM: Interpretable Time Series Classification Using SAX and Vector Space Model}},
journal = {2013 IEEE International Conference on Data Mining (ICDM)},
year = {2013},
pages = {1175--1180}
}

@webpage{extractWebsite,
title = {{EXTRACT Homepage}},
url = {http://smarturl.it/extract}
}

@article{unsupervisedMusicBoundaries2,
author = {Joan Serra, Meinard Muller Peter Grosche Josep Ll Arcos},
title = {{Unsupervised Detection of Music Boundaries by Time Series Structure Features}},
year = {2016},
pages = {1--7},
month = may
}

@article{ucrSuite,
author = {Rakthanmanon, Thanawin and Campana, Bilson and Mueen, Abdullah and Batista, Gustavo and Westover, Brandon and Zhu, Qiang and Zakaria, Jesin and Keogh, Eamonn},
title = {{Addressing Big Data Time Series: Mining Trillions of Time Series Subsequences Under Dynamic Time Warping}},
journal = {Transactions on Knowledge Discovery from Data (TKDD},
year = {2013},
volume = {7},
number = {3},
pages = {1--31},
month = sep
}

@article{iSax,
author = {Shieh, Jin and Keogh, Eamonn},
title = {{iSAX: disk-aware mining and indexing of massive time series datasets}},
journal = {Data Mining and Knowledge Discovery},
year = {2009},
volume = {19},
number = {1},
month = aug
}

@article{mk,
author = {Mueen, A and Keogh, E J and Zhu, Q and Cash, S and Westover, M B},
title = {{Exact Discovery of Time Series Motifs.}},
journal = {SDM},
year = {2009}
}

@inproceedings{dataDicts,
author = {Hu, B and Chen, Y and Keogh, E},
title = {{Time series classification under more realistic assumptions}},
booktitle = {SDM 2013},
year = {2013},
pages = {578--586},
publisher = {Society for Industrial and Applied Mathematics},
address = {Philadelphia, PA}
}

@article{keoghClusterMDLSymbols,
author = {Tataw, O M and Rakthanmanon, T and Keogh, E J},
title = {{Clustering of Symbols Using Minimal Description Length}},
journal = {2013 12th International Conference on Document Analysis and Recognition (ICDAR)},
year = {2013},
pages = {180--184}
}

@inproceedings{logicalShapelet,
author = {Mueen, Abdullah and Keogh, Eamonn and Young, Neal},
title = {{Logical-shapelets: an expressive primitive for time series classification}},
booktitle = {KDD '11: Proceedings of the 17th ACM SIGKDD international conference on Knowledge discovery and data mining},
year = {2011},
pages = {1154--1162},
publisher = {~ACM  Request Permissions},
address = {New York, New York, USA},
month = aug
}

@inproceedings{onlineMotifMaintain,
author = {Mueen, Abdullah and Keogh, Eamonn},
title = {{Online discovery and maintenance of time series motifs}},
booktitle = {KDD '10: Proceedings of the 16th ACM SIGKDD international conference on Knowledge discovery and data mining},
year = {2010},
pages = {1089--1098},
publisher = {~ACM  Request Permissions},
address = {New York, New York, USA},
month = jul
}

@book{peruse,
author = {Oates, T},
title = {{PERUSE: An unsupervised algorithm for finding recurring patterns in time series}},
publisher = {IEEE},
year = {2002}
}

@article{shapeletTransform,
author = {Hills, Jon and Lines, Jason and Baranauskas, Edgaras and Mapp, James and Bagnall, Anthony},
title = {{Classification of time series by shapelet transformation}},
journal = {Data Mining and Knowledge Discovery},
year = {2013},
volume = {28},
number = {4},
pages = {851--881},
month = may
}

@inproceedings{epenthesis,
author = {Rakthanmanon, Thanawin and Keogh, Eamonn J and Lonardi, Stefano and Evans, Scott},
title = {{Time Series Epenthesis: Clustering Time Series Streams Requires Ignoring Some Data}},
booktitle = {ICDM '11: Proceedings of the 2011 IEEE 11th International Conference on Data Mining},
year = {2011},
pages = {547--556},
publisher = {~IEEE Computer Society},
month = dec
}

@article{tidigits,
author = {Leonard, R Gary and Doddington, George},
title = {{Tidigits speech corpus}},
journal = {Texas Instruments, Inc},
year = {1993}
}

@article{keoghInsect,
author = {Chen, Yanping and Why, Adena and Batista, Gustavo and Mafra-Neto, Agenor and Keogh, Eamonn},
title = {{Flying Insect Classification with Inexpensive Sensors}},
journal = {arXiv.org},
year = {2014},
eprint = {1403.2654v1},
eprinttype = {arxiv},
eprintclass = {cs.LG},
month = mar
}

@inproceedings{fastShapelet,
author = {Rakthanmanon, T and Keogh, E},
title = {{Fast shapelets: A scalable algorithm for discovering time series shapelets}},
booktitle = {SDM 2013},
year = {2013},
address = {Philadelphia}
}

@inproceedings{msrc12,
author = {Fothergill, Simon and Mentis, Helena M and Kohli, Pushmeet and Nowozin, Sebastian},
title = {{Instructing people for training gestural interactive systems}},
booktitle = {CHI},
year = {2012},
editor = {Konstan, Joseph A and Chi, Ed H and H{\"o}{\"o}k, Kristina},
pages = {1737--1746},
publisher = {ACM}
}

@webpage{ucrTimeSeries,
author = {Keogh, E J and Zhu, Q and Hu, B and Hao, Yuan and Xi, Xiaopeng and Wei, Li and Ratanamahatana, C A},
title = {{The UCR Time Series Classification/Clustering Homepage}},
year = {2011},
url = {http://www.cs.ucr.edu/~eamonn/time_series_data/}
}

@incollection{onlineKMotif,
author = {Lam, Hoang Thanh and Pham, Ninh Dang and Calders, Toon},
title = {{Online Discovery of Top-k Similar Motifs in Time Series Data}},
booktitle = {Proceedings of the 2011 SIAM International Conference on Data Mining},
year = {2013},
pages = {1004--1015},
publisher = {Society for Industrial and Applied Mathematics},
address = {Philadelphia, PA},
month = dec
}

@inproceedings{librosa,
author = {McFee, Brian and Raffel, Colin and Liang, Dawen and Ellis, Daniel PW and McVicar, Matt and Battenberg, Eric and Nieto, Oriol},
title = {{librosa: Audio and Music Signal Analysis in Python}},
booktitle = {Proceedings of the 14th Python in Science Conference},
year = {2015}
}

@article{motifGraphClusterDims,
author = {Alireza Vahdatpour, Navid Amini Majid Sarrafzadeh},
title = {{Toward Unsupervised Activity Discovery Using Multi-Dimensional Motif Detection in Time Series}},
year = {2009},
pages = {1--6},
month = jun
}

@article{plmd,
author = {Yingchareonthawornchai, S and Sivaraks, H},
title = {{Efficient proper length time series motif discovery}},
journal = {Data Mining (ICDM)},
year = {2013}
}

@article{ecgTrieMotifs,
author = {Dr, S Padmavathi and Ramanujam, E},
title = {{Na{\"\i}ve Bayes Classifier for ECG Abnormalities Using Multivariate Maximal Time Series Motif}},
journal = {Procedia - Procedia Computer Science},
year = {2015},
volume = {47},
pages = {222--228}
}

@book{grammarViz,
author = {Li, Yuan and Lin, Jessica},
title = {{Approximate variable-length time series motif discovery using grammar inference}},
publisher = {ACM},
year = {2010},
address = {New York, New York, USA},
month = jul
}

@book{minnenPipeline,
author = {Minnen, D and Starner, T and Ward, J A and Lukowicz, P and Tr{\"o}ster, G},
title = {{Recognizing and Discovering Human Actions from On-Body Sensor Data}},
publisher = {IEEE},
year = {2005}
}

@article{boss,
author = {Sch{\"a}fer, P},
title = {{The BOSS is concerned with time series classification in the presence of noise}},
journal = {Data Mining and Knowledge Discovery},
year = {2014}
}

@inproceedings{minnenSubdim,
author = {Minnen, D and Isbell, C and Essa, I and Starner, T},
title = {{Detecting Subdimensional Motifs: An Efficient Algorithm for Generalized Multivariate Pattern Discovery}},
booktitle = {ICDM 2007},
year = {2007},
pages = {601--606},
publisher = {~IEEE Computer Society}
}

@article{closedMotifs,
author = {Nguyen, Hai-Long and Ng, Wee-Keong and Woon, Yew-Kwong},
title = {{Closed motifs for streaming time series classification}},
journal = {Knowledge and Information Systems},
year = {2013},
month = jun
}

@article{mk++,
author = {Mohammad, Y and Nishida, T},
title = {{Exact discovery of length-range motifs}},
journal = {Intelligent Information and Database Systems},
year = {2014}
}

@book{dtwd,
author = {Chen, Yanping and Hu, Bing and Keogh, Eamonn and Batista, Gustavo E A P A},
title = {{DTW-D: time series semi-supervised learning from a single example}},
publisher = {ACM},
year = {2013},
series = {time series semi-supervised learning from a single example},
address = {New York, New York, USA},
month = aug
}

@inproceedings{learnedShapelet,
author = {Grabocka, Josif and Schilling, Nicolas and Wistuba, Martin and Schmidt-Thieme, Lars},
title = {{Learning time-series shapelets}},
booktitle = {ACM SIGKDD 2014},
year = {2014},
pages = {392--401},
publisher = {ACM Press},
address = {New York, New York, USA}
}

@article{minnenAffixHMMs,
author = {Minnen, D and Starner, T and Essa, I and Isbell, C},
title = {{Discovering Characteristic Actions from On-Body Sensor Data}},
year = {2006},
pages = {11--18}
}

@incollection{shotgunDist,
author = {Sch{\"a}fer, Patrick},
title = {{Towards Time Series Classification without Human Preprocessing}},
booktitle = {Pervasive Computing},
year = {2014},
pages = {228--242},
publisher = {Springer International Publishing},
address = {Cham}
}

@webpage{flockWebsite,
title = {{Feature Flocks Homepage}},
url = {http://smarturl.it/featureFlocks}
}

@inproceedings{minnenSubseqDensity,
author = {Minnen, David and Isbell, Charles L and Essa, Irfan and Starner, Thad},
title = {{Discovering multivariate motifs using subsequence density estimation and greedy mixture learning}},
booktitle = {AAAI 07},
year = {2007},
publisher = {~AAAI Press},
month = jul
}

@article{rareMotif,
author = {Begum, Nurjahan and Keogh, Eamonn},
title = {{Rare time series motif discovery from unbounded streams}},
journal = {Proceedings of the VLDB Endowment},
year = {2014},
volume = {8},
number = {2},
month = oct
}

@article{dame,
author = {Mueen, Abdullah and Keogh, Eamonn and Zhu, Qiang and Cash, Sydney S and Westover, M Brandon and Bigdely-Shamlo, Nima},
title = {{A disk-aware algorithm for time series motif discovery}},
journal = {Data Mining and Knowledge Discovery},
year = {2010},
volume = {22},
number = {1-2},
pages = {73--105},
month = apr
}

