@inproceedings{tensorflow,
  title={TensorFlow: A System for Large-Scale Machine Learning.},
  author={Abadi, Martin and Barham, Paul and Chen, Jianmin and Chen, Zhifeng and Davis, Andy and Dean, Jeffrey and Devin, Matthieu and Ghemawat, Sanjay and others},
  booktitle={OSDI},
  volume={16},
  pages={265--283},
  year={2016}
}

@article{numpy,
author = {Van Der Walt, Stefan and Colbert, S Chris and Varoquaux, Gael},
title = {{The NumPy array: a structure for efficient numerical computation}},
journal = {Computing in Science {\&} Engineering},
year = {2011},
volume = {13},
number = {2},
pages = {22--30}
}
@inproceedings{numba,
author = {Oliphant, Travis},
title = {{Numba python bytecode to LLVM translator}},
booktitle = {Proceedings of the Python for Scientific Computing Conference (SciPy)},
year = {2012}
}

@article{pytorch,
  title={Automatic differentiation in PyTorch},
  author={Paszke, Adam and Gross, Sam and Chintala, Soumith and Chanan, Gregory and Yang, Edward and DeVito, Zachary and Lin, Zeming and Desmaison, Alban and Antiga, Luca and Lerer, Adam},
  year={2017}
}
@misc{eigen,
  author = {Gael Guennebaud and Benoit Jacob and others},
  title = {Eigen v3},
  howpublished = {http://eigen.tuxfamily.org},
  year = {2010}
 }
@misc{fbgemm,
  title={Open-sourcing FBGEMM for state-of-the-art server-side inference},
  author={Khudia, Daya and Basu, Protonu and Deng, Summer},
  year={2018}
}
