@inproceedings{superbitLSH,
  title={Super-bit locality-sensitive hashing},
  author={Ji, Jianqiu and Li, Jianmin and Yan, Shuicheng and Zhang, Bo and Tian, Qi},
  booktitle={Advances in Neural Information Processing Systems},
  pages={108--116},
  year={2012}
}

@article{kmeansLshDp2017,
  title={Clustering algorithms for the centralized and local models},
  author={Nissim, Kobbi and Stemmer, Uri},
  journal={arXiv preprint arXiv:1707.04766},
  year={2017}
}
@inproceedings{kmeansLshDp2018,
  title={Differentially private k-means with constant multiplicative error},
  author={Stemmer, Uri and Kaplan, Haim},
  booktitle={Advances in Neural Information Processing Systems},
  pages={5431--5441},
  year={2018}
}
@inproceedings{kmeansLshDp2020,
  title={Locally private k-means clustering},
  author={Stemmer, Uri},
  booktitle={Proceedings of the Fourteenth Annual ACM-SIAM Symposium on Discrete Algorithms},
  pages={548--559},
  year={2020},
  organization={SIAM}
}
