
@article{hypersphericalCap,
  title={Concise formulas for the area and volume of a hyperspherical cap},
  author={Li, Shengqiao},
  journal={Asian Journal of Mathematics and Statistics},
  volume={4},
  number={1},
  pages={66--70},
  year={2011}
}
@misc{dlmf,
  title = "{\it NIST Digital Library of Mathematical Functions}",
  howpublished = "http://dlmf.nist.gov/, Release 1.0.14 of 2016-12-21",
  url = "http://dlmf.nist.gov/",
  note = "F.~W.~J. Olver, A.~B. {Olde Daalhuis}, D.~W. Lozier, B.~I. Schneider,
    R.~F. Boisvert, C.~W. Clark, B.~R. Miller and B.~V. Saunders, eds."
}


@article{subgaussAzuma,
  title={A variant of Azuma's inequality for martingales with subgaussian tails},
  author={Shamir, Ohad},
  journal={arXiv preprint arXiv:1110.2392},
  year={2011}
}
@article{sgExpository,
  title={Subgaussian random variables: An expository note},
  author={Rivasplata, Omar},
  journal={Internet publication, PDF},
  year={2012}
}

@misc{azumaSlides,
  title={Azuma's Inequality},
  author={Perkins, Will},
  note={https://willperkins.org/6221/slides/azuma.pdf},
  year={2013}
}
@misc{roch,
  title={Azuma's Inequality},
  author={Roch, Sebastien},
  note={http://www.math.wisc.edu/~roch/grad-prob/gradprob-notes20.pdf}
}
@misc{handbookFuncs,
  title={Handbook of mathematical functions with formulas, graphs, and mathematical tables},
  author={Abramowitz, Milton and Stegun, Irene A and Romer, Robert H},
  year={1988},
  publisher={AAPT}
}
@misc{cookNormalTail,
  title={Upper and lower bounds for the normal distribution function},
  author={Cook, John D.},
  note={https://www.johndcook.com/blog/norm-dist-bounds/}
}

@inproceedings{kakadeLinear,
  title={On the complexity of linear prediction: Risk bounds, margin bounds, and regularization},
  author={Kakade, Sham M and Sridharan, Karthik and Tewari, Ambuj},
  booktitle={Advances in neural information processing systems},
  pages={793--800},
  year={2009}
}
@article{rademacherOrig,
  title={Rademacher and Gaussian complexities: Risk bounds and structural results},
  author={Bartlett, Peter L and Mendelson, Shahar},
  journal={Journal of Machine Learning Research},
  volume={3},
  number={Nov},
  pages={463--482},
  year={2002}
}

@article{eckartYoungMirskyThm,
  title={The approximation of one matrix by another of lower rank},
  author={Eckart, Carl and Young, Gale},
  journal={Psychometrika},
  volume={1},
  number={3},
  pages={211--218},
  year={1936},
  publisher={Springer}
}
