@article{luigi,
  title={Benchmark analysis of representative deep neural network architectures},
  author={Bianco, Simone and Cadene, Remi and Celona, Luigi and Napoletano, Paolo},
  journal={IEEE Access},
  volume={6},
  pages={64270--64277},
  year={2018},
  publisher={IEEE}
}
@article{imagenetGeneralize,
  title={Do ImageNet Classifiers Generalize to ImageNet?},
  author={Recht, Benjamin and Roelofs, Rebecca and Schmidt, Ludwig and Shankar, Vaishaal},
  journal={arXiv preprint arXiv:1902.10811},
  year={2019}
}
@inproceedings{whyBnDropoutSucks,
  title={Understanding the disharmony between dropout and batch normalization by variance shift},
  author={Li, Xiang and Chen, Shuo and Hu, Xiaolin and Yang, Jian},
  booktitle={Proceedings of the IEEE Conference on Computer Vision and Pattern Recognition},
  pages={2682--2690},
  year={2019}
}
@inproceedings{understandingBatchNorm,
  title={Understanding batch normalization},
  author={Bjorck, Nils and Gomes, Carla P and Selman, Bart and Weinberger, Kilian Q},
  booktitle={Advances in Neural Information Processing Systems},
  pages={7694--7705},
  year={2018}
}
@article{madryBatchNorm,
  title={How Does Batch Normalization Help Optimization? (No, It Is Not About Internal Covariate Shift)},
  author={Santurkar, Shibani and Tsipras, Dimitris and Ilyas, Andrew and Madry, Aleksander},
  journal={arXiv preprint arXiv:1805.11604},
  year={2018}
}
